@misc{generatingfunction3b1b,
  author       = {Grant Sanderson (3Blue1Brown)},
  howpublished = {YouTube Video},
  title        = {Olympiad level counting (Generating functions)},
  year         = {2022}
}